
@book{montgomery_design_2020,
	address = {Hoboken, NJ},
	edition = {Tenth edition},
	title = {Design and {Analysis} of {Experiments}},
	isbn = {9781119722106 9781119816959 9781119492498},
	language = {eng},
	publisher = {Wiley},
	author = {Montgomery, Douglas C.},
	year = {2020},
}
